%% This BibTeX bibliography file was created using BibDesk.
%% http://bibdesk.sourceforge.net/


%% Created for Marvin Rausand at 2014-08-12 10:34:20 +0200 


%% Saved with string encoding Unicode (UTF-8) 

@article{kavvadias04,
    Author = {N. Kavvadias and P. Neofotistos and S. Nikolaidis and C. A. Kosmatopoulos and T. Laopoulos},
    Journal = {Ieee Transactions on Instrumentation and Measurement},
    Year = {2004},
    Volume = {53},
    Issue = {4},
    Title = {Measurements analysis of the software-related power consumption in microprocessors},
    Pages = {1106-1112}
}
    
@article{delima13,
    Author = {  de Lima, E. D. and
                Xavier, T. C. D. and
                da Silva, A. F. and
                Ruiz, L. B.},
    Year = {2013},
    Title = {Compiling for Performance and Power Efficiency}
    Journal = {2013 23rd International Workshop on Power and Timing Modeling, Optimization and Simulation (Patmos)},
    Pages = {142-149}
}

@article{russell98,
    Author = {Russell, J. T. and Jacome, M. F.},
    Year = {1998},
    Title = {Software power estimation and optimization for high performance, 32-bit embedded processors},
    Journal = {International Conference on Computer Design: Vlsi in Computers and Processors, Proceedings},
    Pages = {328-333}
}

@article{ortiz08,
    Author = {Ortiz, D. A. and Santiago, N. G.},
    Year = {2008},
    Title = {Impact of Source Code Optimizations on Power Consumption of Embedded Systems},
    Journal = {2008 Joint IEEE North-East Workshop on Circuits and Systems and TAISA Conference},
    Pages = {133-136}
}

@article{tiwari94,
    Author = {Tiwari, V. and Malik, S. and Wolfe, A.},
    Year = {1994},
    Title = {Power Analysis of Embedded Software: A First Step Towards Software Power Minimization},
    Journal = {Ieee Transactions on Very Large Scale Integration (Vlsi) Systems},
    Volume = {2},
    Issue = {4},
    Pages = {437-445}
}

@misc{movingfaster,
    howpublished = {
    \url{https://tessel.io/blog/112888410737/moving-faster-with-io-js}},
    Title = {MOVING FASTER WITH IO.JS},
    Author = {Jon McKay},
    note = {Accesed: May 7, 2015}
}

@misc{newengine,
    howpublished = {
    \url{https://tessel.io/blog/102381339917/a-new-engine-for-your-tessel}},
    Title = {A NEW ENGINE FOR YOUR TESSEL},
    Author = {Tim Ryan},
    note = {Accessed: May 7, 2015}
}

@misc{jsclientstats,
    author = {{W3Techs}},
    howpublished = {
    \url{http://w3techs.com/technologies/history_overview/client_side_language/all/y}},
    Title = {Historical yearly trends in the usage of client-side programming languages for websites},
    note = {Accessed: May 12, 2015}
}

@misc{jsserverstats,
    author = {{W3Techs}},
    howpublished = {
        \url{http://w3techs.com/technologies/history_overview/programming_language/ms/y}
    },
    Title = {Historical yearly trends in the usage of client-side programming languages for websites},
    note = {Accessed: May 12, 2015}
}

@misc{jshistory,
    author = {w3},
    howpublished = {
        \url{https://www.w3.org/community/webed/wiki/A_Short_History_of_JavaScript}
    },
    Title = {A Short History of JavaScript},
    note = {Accessed: May 12, 2015}
}

@techreport{usbmicro,
    title = {{Universal Serial Bus Micro-USB Cables and Connectors Specification }},
    year = {2007},
    month = {April}m
    howpublished = {\url{http://mgvs.org/public/shema/datasheet/usb_20/Micro-USB_final/Micro-USB_1_01.pdf}}
}